@techreport{ASHRAE20172017Occuppancy,
    title = {{2017, ANSI/ASHRAE Standard 55. Thermal Enviromental Conditions for Human Occuppancy}},
    year = {2017},
    author = {{ASHRAE}},
    edition = {2017},
    pages = {66},
    publisher = {ASHRAE},
    url = {https://www.ashrae.org/technical-resources/ashrae-standards-and-guidelines},
    isbn = {1041-2336}
}

@incollection{ASHRAE20172017SI,
    title = {{2017, ASHRAE fundamentals (SI)}},
    year = {2017},
    booktitle = {2017, ASHRAE fundamental handbook SI},
    author = {{ASHRAE}},
    editor = {Mark S. Owen, Heather E. Kennedy},
    chapter = {7, 11},
    edition = {2017},
    pages = {7.10, 11.11},
    publisher = {W. Stephen Comstock},
    isbn = {6785392187}
}

@book{Handbook20192019Applications,
    title = {{2019 ASHRAE Handbook{\_} HVAC Applications}},
    year = {2019},
    author = {Handbook, Ashrae},
    editor = {Heather E. Kennedy, Hayden Spiess},
    publisher = {ASHRAE},
    address = {Atlanta},
    isbn = {9781947192133}
}

@techreport{ASHRAE20192019Quality,
    title = {{2019, ANSI/ASHRAE Standard 62.1-2019 -- Ventilation for Acceptable Indoor Air Quality}},
    year = {2019},
    author = {{ASHRAE}},
    pages = {1--92},
    url = {https://www.ashrae.org/technical-resources/ashrae-standards-and-guidelines},
    institution = {ASHRAE}
}

@techreport{ASHRAE20192019Buildings,
    title = {{2019, ANSI/ASHRAE Standard 62.2-2019 -- Ventilation and Acceptable Indoor Air Quality in Residential Buildings}},
    year = {2019},
    author = {{ASHRAE}},
    pages = {58},
    url = {https://ashrae.iwrapper.com/ASHRAE_PREVIEW_ONLY_STANDARDS/STD_62.2_2019},
    institution = {ASHRAE}
}

@article{Bhattacharyya2020ARoom,
    title = {{A novel CFD analysis to minimize the spread of COVID-19 virus in hospital isolation room}},
    year = {2020},
    journal = {Chaos, Solitons and Fractals},
    author = {Bhattacharyya, Suvanjan and Dey, Kunal and Paul, Akshoy Ranjan and Biswas, Ranjib},
    pages = {110294},
    volume = {139},
    publisher = {Elsevier Ltd},
    url = {https://doi.org/10.1016/j.chaos.2020.110294},
    doi = {10.1016/j.chaos.2020.110294},
    issn = {09600779},
    keywords = {Airborne transmission, COVID-19, Hospital isolation room, Sanitizer, Turbulent field}
}

@article{Fernstrom2013AerobiologyDiseases,
    title = {{Aerobiology and Its Role in the Transmission of Infectious Diseases}},
    year = {2013},
    journal = {Journal of Pathogens},
    author = {Fernstrom, Aaron and Goldblatt, Michael},
    pages = {1--13},
    volume = {2013},
    url = {http://dx.doi.org/10.1155/2013/493960},
    doi = {10.1155/2013/493960},
    issn = {2090-3057}
}

@techreport{AHRI2017AHRITerminals,
    title = {{AHRI 880-2017 Standard for Performance Rating of Air Terminals}},
    year = {2017},
    author = {{AHRI}},
    number = {October},
    volume = {880},
    url = {https://www.ahrinet.org/App_Content/ahri/files/STANDARDS/AHRI/AHRI_Standard_880_IP_2017.pdf},
    institution = {ASHRI}
}

@article{Sound2017AHRIAIR.,
    title = {{AHRI 885-2017: Standar for PROCEDURE FOR ESTIMATING OCCUPIED SPACE SOUND LEVELS IN THE APPLICATION OF AIR TERMINALS AND AIR.}},
    year = {2017},
    journal = {What's New},
    author = {Sound, Space and The, Levels I N and Of, Application and Terminals, A I R},
    volume = {1},
    url = {https://www.ahrinet.org/App_Content/ahri/files/STANDARDS/AHRI/AHRI_Standard_885_2008_with_Addendum_1.pdf}
}

@article{Mathson2011AMCAsQuestions,
    title = {{AMCA’s Fan Efficiency Grades : answers to Frequently asked Questions}},
    year = {2011},
    journal = {AMCA International inmotion},
    author = {Mathson, Tim and Ivanovich, Micheal},
    pages = {8--13},
    volume = {9},
    keywords = {amca international, and industrial products, and michael ivanovich, arlington hts, axial, director of strategic energy, greenheck fan corp, ill, initiatives, principal engineer for centrifugal, schofield, tim mathson, vane, wis}
}

@misc{Atecyr2020AsambleaAtecyr,
    title = {{Asamblea General de Atecyr}},
    year = {2020},
    booktitle = {Intervenci{\'{o}}n de Jos{\'{e}} Luis Jim{\'{e}}nez de la Universidad de Colorado tras la Asamblea General de Atecyr},
    author = {{Atecyr}},
    publisher = {Youtube},
    url = {https://www.youtube.com/watch?v=idFC4jJqdu4}
}

@misc{ZimmermanASHRAEACOUSTICS,
    title = {{ASHRAE ACOUSTICS}},
    author = {Zimmerman, Randy},
    pages = {48},
    publisher = {TITUS Redefine your comfort zone},
    url = {https://static1.squarespace.com/static/54762199e4b0f6ed696bf031/t/59f40d5053450a1e3ba2efee/1509166422493/ASHRAE+Acoustics.pdf}
}

@misc{ASHRAE2017ASHRAEBogota.,
    title = {{ASHRAE climatic design conditions for Bogot{\'{a}}.}},
    year = {2017},
    author = {{ASHRAE}},
    publisher = {ASHRAE},
    url = {http://ashrae-meteo.info/v2.0/?lat=4.70&lng=-74.13&place=%27%27&wmo=802220},
    address = {N/A},
    keywords = {Desing, climatic}
}

@techreport{Stewart2020ASHRAEInfecciosos,
    title = {{ASHRAE sobre Aerosoles Infecciosos}},
    year = {2020},
    author = {Stewart, Erica J and Olmsted, Russell N and Schoen, Lawrence J and Vernon, Walter and Conlan, Wade},
    pages = {27},
    url = {https://www.afec.es/covid-19/documentos/posicionamiento-ASHRAE-aerosoles-infecciosos.pdf},
    institution = {ASHRAE},
    address = {Atlanta}
}

@article{Seppanen1999AssociationBuildings,
    title = {{Association of ventilation rates and CO2 concentrations with health and other responses in commercial and institutional buildings}},
    year = {1999},
    journal = {Indoor Air},
    author = {Sepp{\"{a}}nen, O. A.},
    number = {4},
    pages = {226--252},
    volume = {9},
    doi = {10.1111/j.1600-0668.1999.00003.x},
    issn = {09056947},
    pmid = {10649857},
    keywords = {Air exchange rate, Carbon dioxide, Health effects, Relative risks, SBS symptoms, Ventilation rates}
}

@techreport{DANE2020BoletinTecnico,
    title = {{Bolet{\'{i}}n T{\'{e}}cnico Educaci{\'{o}}n Formal ( EDUC ) Bolet{\'{i}}n T{\'{e}}cnico}},
    year = {2020},
    author = {{DANE}},
    pages = {1--31},
    url = {https://www.dane.gov.co/files/investigaciones/boletines/educacion/bol_EDUC_19.pdf},
    institution = {DANE},
    address = {Bogot{\'{a}}}
}

@article{Aliabadi2010CFDTransfer,
    title = {{CFD simulation of human coughs and sneezes: A study in droplet dispersion, heat, and mass transfer}},
    year = {2010},
    journal = {ASME International Mechanical Engineering Congress and Exposition, Proceedings (IMECE)},
    author = {Aliabadi, Amir A. and Rogak, Steven N. and Green, Sheldon I. and Bartlett, Karen H.},
    number = {PARTS A AND B},
    pages = {1051--1060},
    volume = {7},
    isbn = {9780791844441},
    doi = {10.1115/IMECE2010-37331},
    keywords = {IMECE2010-37331}
}

@techreport{OrregoLopez2019ConfortArquitectura.,
    title = {{Confort t{\'{e}}rmico y calidad del aire, una evaluaci{\'{o}}n cuantitativa post ocupaci{\'{o}}n desde la arquitectura.}},
    year = {2019},
    author = {Orrego L{\'{o}}pez, Pablo},
    month = {8},
    url = {http://repository.unipiloto.edu.co/handle/20.500.12277/6339},
    institution = {Universidad Piloto de Colombia},
    address = {Bogot{\'{a}}},
    keywords = {Air Quality, Arquitectura sostenible, Calidad del aire, Confort t{\'{e}}rmico, Edificios de oficinas, Post Occupation, Post ocupaci{\'{o}}n, Thermal Comfort}
}

@techreport{Prof.JoseLJimenezDr.ZhePengDept.ofChem.CIRES2021COVID-19Estimator,
    title = {{COVID-19 Aerosol Transmission Estimator}},
    year = {2021},
    author = {{Prof. Jose L Jimenez {\&} Dr. Zhe Peng, Dept. of Chem. {\&} CIRES}},
    url = {https://docs.google.com/spreadsheets/d/16K1OQkLD4BjgBdO8ePj6ytf-RpPMlJ6aXFg3PrIQBbQ/edit#gid=519189277},
    institution = {Univ. Colorado-Boulder},
    address = {Colorado}
}

@article{Taylor2020COVID-19Paper,
    title = {{COVID-19 White Paper}},
    year = {2020},
    journal = {Taylor Engineering},
    author = {Taylor, Steve},
    pages = {1--30},
    url = {https://taylorengineers.com/taylor-engineering-covid-19-whitepaper}
}

@misc{Roibas2021Desabastecimiento2.000,
    title = {{Desabastecimiento de medidores de CO2: “Las peticiones suben un 2.000{\%}”}},
    year = {2021},
    author = {Roib{\'{a}}s, Javier},
    publisher = {Cronica Global},
    url = {https://cronicaglobal.elespanol.com/business/desabastecimiento-medidores-co2-peticiones-disparan_426669_102.html}
}

@phdthesis{LAURANATALIALOPEZPRADA2019DisenoD.C,
    title = {{Dise{\~{n}}o de un sistema de climatizacion aplicando la norma FAIAR de calidad de aire interior para el edificio de ACAIRE en Bogot{\'{a}} D.C}},
    year = {2019},
    author = {{LAURA NATALIA L{\'{O}}PEZ PRADA} and {JUAN CAMILO MORENO MEDINA}},
    url = {http://repository.uamerica.edu.co/bitstream/20.500.11839/7559/1/4141795-2019-2-IM.pdf},
    school = {FUNDACI{\'{O}}N UNIVERSIDAD DE AM{\'{E}}RICA},
    address = {Bogot{\'{a}}}
}

@article{ElderLinda2002ElEsenciales,
    title = {{El arte de formular preguntas esenciales}},
    year = {2002},
    journal = {El Arte de Formular Preguntas Esenciales},
    author = {ElderLinda, Paul Richard},
    pages = {10},
    url = {http://www.criticalthinking.org/resources/PDF/SP-AskingQuestions.pdf}
}

@phdthesis{Rojas2019EstrategiasBogota.,
    title = {{Estrategias pasivas de ventilaci{\'{o}}n natural en la envolvente de un modelo de edificaci{\'{o}}n dotacional, para el mejoramiento del confort t{\'{e}}rmico en la ciudad de Bogot{\'{a}}.}},
    year = {2019},
    booktitle = {Universidad Cat{\'{o}}lica de Colombia},
    author = {Rojas, Diego Bernal},
    pages = {1--55},
    url = {https://repository.ucatolica.edu.co/bitstream/10983/23360/1/Estrategias-pasivas-de-ventilación-natural-en-edificio-dotacional-en-la-ciudad-de-Bogotá.pdf},
    school = {Universidad Cat{\'{o}}lica de Colombia},
    keywords = {Confort t{\'{e}}rmico., Envolvente sostenible, Ventilaci{\'{o}}n Natural}
}

@article{HorneroPerez2013EstudioOcupantes,
    title = {{Estudio de la ventilaci{\'{o}}n natural en un edificio y su efecto en el grado de confort de los ocupantes}},
    year = {2013},
    author = {Hornero P{\'{e}}rez, Rocío},
    pages = {123},
    url = {http://hdl.handle.net/2099.1/18512}
}

@misc{FiltersEuropeanClassification,
    title = {{European Filter classification}},
    author = {Filters, AFPRO},
    publisher = {Afpro Filters},
    url = {https://www.afprofilters.com/european-filterclassification/}
}

@article{EUROVENT2017EUROVENTVentilation,
    title = {{EUROVENT GUIDEBOOK: Air filters for general ventilation}},
    year = {2017},
    author = {{EUROVENT}},
    pages = {1--15},
    url = {https://eurovent.eu/?q=file/6378/download&token=aAGCHkEG}
}

@misc{DOCTORS2020FearPandemic,
    title = {{Fear of going out (FOGO) during the COVID-19 pandemic}},
    year = {2020},
    booktitle = {2020},
    author = {DOCTORS, Top},
    url = {https://www.topdoctors.co.uk/medical-articles/fear-of-going-out-fogo-during-the-covid-19-pandemic#}
}

@misc{Pacifico2018FinanciacionAP,
    title = {{Financiaci{\'{o}}n en la Alianza del Pac{\'{i}}fico: “Fondo de Capital Emprendedor y red de inversionistas {\'{A}}ngeles AP”}},
    year = {2018},
    author = {Pac{\'{i}}fico, Alianza del},
    publisher = {Alianza del Pacifico},
    url = {https://alianzapacifico.net/financiacion-en-la-alianza-del-pacifico-fondo-de-capital-emprendedor-y-red-de-inversionistas-angeles-ap/}
}

@misc{SENAFondoNormatividad,
    title = {{Fondo Emprender Normatividad}},
    author = {{SENA}},
    publisher = {MInTrabajo},
    url = {http://www.fondoemprender.com/SitePages/FondoEmprenderNormatividad2020.aspx}
}

@article{USDepartmentofLabor-OccupationalSafetyandHealthAdministration2020GuidanceWork,
    title = {{Guidance on Returning to Work}},
    year = {2020},
    author = {{US Department of Labor - Occupational Safety and Health Administration}},
    pages = {1--27},
    url = {https://www.osha.gov/Publications/OSHA4045.pdf}
}

@article{JonesEYoungAClevengerKSalimifardPWuELunaMLLahvisMLangJBlissMAzimiPCedeno-LaurentJ2020HealthySchools,
    title = {{Healthy schools: risk reduction strategies for reopening schools}},
    year = {2020},
    journal = {Harvard TH Chan School of Public Health Healthy Buildings program},
    author = {Jones E, Young A, Clevenger K, Salimifard P, Wu E, Luna ML, Lahvis M, Lang J, Bliss M, Azimi P, Cedeno-Laurent J, Allen JG.},
    url = {https://schools.forhealth.org/risk-reduction-strategies-for-reopening-schools/},
    doi = {10.13140/RG.2.2.22333.49127}
}

@article{Morawska2020HowMinimised,
    title = {{How can airborne transmission of COVID-19 indoors be minimised?}},
    year = {2020},
    journal = {Environment International},
    author = {Morawska, Lidia and Tang, Julian W. and Bahnfleth, William and Bluyssen, Philomena M. and Boerstra, Atze and Buonanno, Giorgio and Cao, Junji and Dancer, Stephanie and Floto, Andres and Franchimon, Francesco and Haworth, Charles and Hogeling, Jaap and Isaxon, Christina and Jimenez, Jose L. and Kurnitski, Jarek and Li, Yuguo and Loomans, Marcel and Marks, Guy and Marr, Linsey C. and Mazzarella, Livio and Melikov, Arsen Krikor and Miller, Shelly and Milton, Donald K. and Nazaroff, William and Nielsen, Peter V. and Noakes, Catherine and Peccia, Jordan and Querol, Xavier and Sekhar, Chandra and Sepp{\"{a}}nen, Olli and Tanabe, Shin ichi and Tellier, Raymond and Tham, Kwok Wai and Wargocki, Pawel and Wierzbicka, Aneta and Yao, Maosheng},
    number = {April},
    volume = {142},
    doi = {10.1016/j.envint.2020.105832},
    issn = {18736750},
    pmid = {32521345}
}

@misc{AirEquipmentLLC2015HVAC1-2-3-4,
    title = {{HVAC Noise Control- Part 1-2-3-4}},
    year = {2015},
    booktitle = {Youtube},
    author = {{Air Equipment LLC}},
    publisher = {Air Equipment LLC},
    url = {https://www.youtube.com/watch?v=rNN2hHBRdD8}
}

@article{Hitchcock2006ImprovingAttacks,
    title = {{Improving performance of HVAC systems to reduce exposure to aerosolized infectious agents in buildings; recommendations to reduce risks posed by biological attacks}},
    year = {2006},
    journal = {Biosecurity and Bioterrorism},
    author = {Hitchcock, Penny J. and Mair, Michael and Inglesby, Thomas V. and Gross, Jonathan and Henderson, D. A. and O'Toole, Tara and Ahern-Seronde, Joa and Bahnfleth, William P. and Brennan, Terry and Burroughs, H. E.Barney and Davidson, Cliff and Delp, William and Ensor, David S. and Gomory, Ralph and Olsiewski, Paula and Samet, Jonathan M. and Smith, William M. and Streifel, Andrew J. and White, Ronald H. and Woods, James E.},
    number = {1},
    pages = {41--54},
    volume = {4},
    doi = {10.1089/bsp.2006.4.41},
    issn = {15387135},
    pmid = {16545023}
}

@article{Arundel1986IndirectEnvironments,
    title = {{Indirect health effects of relative humidity in indoor environments}},
    year = {1986},
    journal = {Environmental Health Perspectives},
    author = {Arundel, A. V. and Sterling, E. M. and Biggin, J. H. and Sterling, T. D.},
    number = {3},
    pages = {351--361},
    volume = {VOL. 65},
    doi = {10.1289/ehp.8665351},
    issn = {00916765},
    pmid = {3709462}
}

@misc{INNpulsaINNpulsaColombia,
    title = {{INNpulsa Colombia}},
    author = {{INNpulsa}},
    url = {https://emprendimientoinnpulsa.com/pagina/locosemprendimiento}
}

@article{Mann+HummelISO.,
    title = {{ISO 16890 La nueva norma para la clasificaci{\'{o}}n de filtros de aire .}},
    author = {{Mann+Hummel}},
    pages = {1--8},
    url = {https://airfiltration.mann-hummel.com/fileadmin/user_upload/air_knowledge/Filtration_Standards/ISO16890/ISO_Guide/AA01-ISO_Guide-ES.pdf}
}

@article{Subhash2013IsolationControl,
    title = {{Isolation anterooms: Important components of airborne infection control}},
    year = {2013},
    journal = {American Journal of Infection Control},
    author = {Subhash, Shobha S. and Baracco, Gio and Fennelly, Kevin P. and Hodgson, Michael and Radonovich, Lewis J.},
    number = {5},
    pages = {452--455},
    volume = {41},
    publisher = {Elsevier Inc},
    url = {http://dx.doi.org/10.1016/j.ajic.2012.06.004},
    doi = {10.1016/j.ajic.2012.06.004},
    issn = {01966553},
    pmid = {23036479}
}

@article{Ivorra2020MathematicalChina,
    title = {{Mathematical modeling of the spread of the coronavirus disease 2019 (COVID-19) taking into account the undetected infections. The case of China}},
    year = {2020},
    journal = {Communications in Nonlinear Science and Numerical Simulation},
    author = {Ivorra, B. and Ferr{\'{a}}ndez, M. R. and Vela-P{\'{e}}rez, M. and Ramos, A. M.},
    number = {March},
    volume = {88},
    doi = {10.1016/j.cnsns.2020.105303},
    issn = {10075704},
    pmid = {32355435},
    keywords = {COVID-19, Coronavirus, Mathematical model, Numerical simulation, Pandemic, Parameter estimation, SARS-CoV-2, {$\theta$}-SEIHRD model}
}

@phdthesis{JuanGonzalesGuitierrez2019ModeladoZonal,
    title = {{Modelado num{\'{e}}rico del sistema de ventilaci{\'{o}}n del edificio Aulario IndUVa mediante un modelo zonal}},
    year = {2019},
    author = {{Juan Gonzales Guiti{\'{e}}rrez}},
    url = {http://uvadoc.uva.es/bitstream/handle/10324/38281/TFG-I-1402.pdf?sequence=1&isAllowed=y},
    school = {Universidad de Vallalodid},
    keywords = {Aulario IndUVa, CONTAM, Flujo de aire, P{\'{e}}rdida de carga, Ventilaci{\'{o}}n}
}

@misc{Salud2021ModuloColombia,
    title = {{M{\'{o}}dulo de datos de COVID-19 en Colombia}},
    year = {2021},
    booktitle = {ins.gov.co},
    author = {Salud, Instituto Nacional de},
    url = {https://www.ins.gov.co/Direcciones/ONS/modelos-covid-19}
}

@misc{AMCA2010NormaVentiladores,
    title = {{Norma AMCA 205-10 Clasificaci{\'{o}}n de eficiencia energ{\'{e}}tica para ventiladores}},
    year = {2010},
    author = {(AMCA), Air Movement and Control Association International},
    publisher = {Air Movement and Control Association International},
    address = {Arlington Heights}
}

@techreport{ICONTEC2003NormaINTERIORES,
    title = {{Norma T{\'{e}}cnica Colombiana (NTC 5183) VENTILACI{\'{O}}N PARA UNA CALIDAD ACEPTABLE DEL AIRE EN ESPACIOS INTERIORES}},
    year = {2003},
    author = {{ICONTEC}},
    pages = {1--60},
    institution = {ICONTEC}
}

@misc{Aguera2021PandemiaFabricante,
    title = {{Pandemia de coronavirus La raz{\'{o}}n de la dispar medici{\'{o}}n de CO2 en una aula balear, seg{\'{u}}n el fabricante}},
    year = {2021},
    author = {Aguera, A},
    publisher = {UH noticias},
    url = {https://www.ultimahora.es/noticias/local/2021/01/21/1231687/coronavirus-baleares-empresa-medidores-co2-explica.html}
}

@misc{Social2021ParaRebano,
    title = {{Para pasar la pagina del covid se necesita inmunidad de reba{\~{n}}o}},
    year = {2021},
    booktitle = {2021},
    author = {Social, Ministerio de Salud y protección},
    url = {https://www.minsalud.gov.co/Paginas/Para-pasar-la-pagina-del-covid-se-necesita-inmunidad-de-rebaño.aspx},
    keywords = {COVID-19}
}

@article{MoralesAdames2012ProblemasBogota,
    title = {{Problemas de Confort T{\'{e}}rmico en Edificios de Oficinas. Caso Estudio: Torre Colpatria en la Ciudad de Bogot{\'{a}}}},
    year = {2012},
    journal = {10th Latin American and Caribbean Conference for Engineering and Technology},
    author = {Morales Adames, Guillermo Alonso and Garc{\'{i}}a {\'{A}}lvarez, María Consuelo},
    pages = {11},
    url = {http://www.laccei.org/LACCEI2012-Panama/RefereedPapers/RP181.pdf},
    keywords = {Condiciones Ambientales, Confort, Domopat{\'{i}}as, S{\'{i}}ndrome Edificio Enfermo}
}

@techreport{Klimach2020ProvisionalRooms,
    title = {{Provisional Documentation Exhaust Air Unit for Class Rooms}},
    year = {2020},
    author = {Klimach, Thomas and Helleis, Frank},
    number = {November},
    volume = {0},
    url = {https://www.mpic.de/4802097/mpic_doku_lueftung__english_25112020.pdf},
    institution = {Max-Planck-Institut},
    address = {Mainz}
}

@misc{Colombia.MinisteriodeSaludyProteccionSocial2021ResolucionTecnico,
    title = {{Resoluci{\'{o}}n 223 de 2021, 25 de febrero, por medio de la cual se modifica la Resoluci{\'{o}}n 666 de 2020 en el sentido de sustituir su anexo t{\'{e}}cnico}},
    year = {2021},
    author = {{Colombia. Ministerio de Salud y Protecci{\'{o}}n Social}},
    pages = {1--18},
    url = {https://www.minsalud.gov.co/Normatividad_Nuevo/Resolución No. 223  de 2021.pdf}
}

@misc{Ministeriodesaludyeducacion2020Resolucion2020,
    title = {{Resoluci{\'{o}}n No. 900 de 2020}},
    year = {2020},
    booktitle = {MinSalud},
    author = {{Ministerio de salud y educacion}},
    publisher = {Ministerio de salud y educacion},
    url = {https://www.minsalud.gov.co/Normatividad_Nuevo/Resolucioón No. 900 de 2020.pdf}
}

@article{Mabdeh2020SimulationStudy,
    title = {{Simulation study for natural ventilation retrofitting techniques in educational classrooms – A case study}},
    year = {2020},
    journal = {Heliyon},
    author = {Ma'bdeh, Shouib Nouh and Al-Zghoul, Amani and Alradaideh, Tamer and Bataineh, Asma and Ahmad, Saba},
    number = {10},
    pages = {e05171},
    volume = {6},
    publisher = {Elsevier Ltd},
    url = {https://doi.org/10.1016/j.heliyon.2020.e05171},
    doi = {10.1016/j.heliyon.2020.e05171},
    issn = {24058440},
    keywords = {Air quality, Architecture, Civil engineering, Energy, Energy conservation, Energy consumption, Energy use in building, Environmental assessment, Environmental science, Green engineering, Indoor air quality, Indoor air temperature, Natural ventilation, Retrofit techniques}
}

@phdthesis{ANAMARIABELTRANMORENO2019SistemaBogota,
    title = {{Sistema de ventilaci{\'{o}}n y purificaci{\'{o}}n del aire para optimizar el confort ambiental de los estudiantes en las aulas de clase de los colegios urbanos de Bogot{\'{a}}}},
    year = {2019},
    author = {{ANA MAR{\'{I}}A BELTR{\'{A}}N MORENO}},
    publisher = {Dise{\~{n}}o Industrial},
    url = {https://repositorio.unbosque.edu.co/handle/20.500.12495/2243},
    school = {Universidad del Bosque},
    address = {Bogot{\'{a}}},
    keywords = {Confort ambiental, calidad del aire interior, contaminantes criterios, ventilaci{\'{o}}n y puriﬁcaci{\'{o}}n pasiva}
}

@article{Duguid1946TheDroplet-nuclei,
    title = {{The size and the duration of air-carriage of respiratory droplets and droplet-nuclei}},
    year = {1946},
    journal = {Journal of Hygiene},
    author = {Duguid, J. P.},
    number = {6},
    pages = {471--479},
    volume = {44},
    doi = {10.1017/S0022172400019288},
    issn = {00221724},
    pmid = {20475760}
}

@book{A.2013ThermodynamicsApproach,
    title = {{Thermodynamics an Engineering Approach}},
    year = {2013},
    author = {A., YUNUS and {\c{C}}ENGEL, MICHAEL A.BOLES and {MEHMET} and {KANO{\u{G}}Lu}},
    edition = {9},
    pages = {713--734},
    publisher = {Mc Graw Hill Education},
    isbn = {978-1-259-82267-4}
}

@article{Gao2006TransientAssessment,
    title = {{Transient CFD simulation of the respiration process and inter-person exposure assessment}},
    year = {2006},
    journal = {Building and Environment},
    author = {Gao, Naiping and Niu, Jianlei},
    number = {9},
    pages = {1214--1222},
    volume = {41},
    doi = {10.1016/j.buildenv.2005.05.014},
    issn = {03601323},
    keywords = {Computational thermal manikin, Exhalation, Human body, Human exposure, Inhalation}
}

@article{Ye2021UsingInvestigation,
    title = {{Using air curtains to reduce short-range infection risk in consulting ward: A numerical investigation}},
    year = {2021},
    journal = {Building Simulation},
    author = {Ye, Jin and Qian, Hua and Ma, Jianchao and Zhou, Rong and Zheng, Xiaohong},
    number = {2},
    pages = {325--335},
    volume = {14},
    doi = {10.1007/s12273-020-0649-7},
    issn = {19968744},
    keywords = {air curtains, consulting ward, cutting off performance, numerical investigation}
}

@misc{Pereira2018VentilacionNatural,
    title = {{Ventilaci{\'{o}}n cruzada, efecto chimenea y otros conceptos de ventilaci{\'{o}}n natural}},
    year = {2018},
    author = {Pereira, Matheus},
    publisher = {Arch Daily},
    url = {https://www.archdaily.co/co/889075/ventilacion-cruzada-efecto-chimenea-y-otros-conceptos-de-ventilacion-natural}
}

@article{AlcanceVolverCampus,
    title = {{Volver al Campus Volver al Campus}},
    author = {Alcance, Objetivo Y and Fases, Estrategia Y and Del, D E Apertura and Ingreso, Protocolo D E and Del, Y Salida and Segura, Ocupación and Campus, D E L},
    pages = {1--21}
}

@misc{OIT2020QueTrabajo,
    title = {{¿Qu{\'{e}} pol{\'{i}}ticas ser{\'{a}}n las m{\'{a}}s eficaces para mitigar los efectos del COVID-19 en el mundo del trabajo?}},
    year = {2020},
    booktitle = {55},
    author = {{OIT}},
    publisher = {OIT},
    url = {https://www.ilo.org/safework/countries/africa/algeria/lang--en/index.htm}
}