@article{GMR85,
  author = {Shafi Goldwasser and Silvio Micali and Charles Rackoff},
  title = {The Knowledge Complexity of Interactive Proof-Systems},
  journal = {SIAM Journal on Computing},
  volume = {18},
  number = {1},
  pages = {186--208},
  year = {1985},
  publisher = {Society for Industrial and Applied Mathematics}
}

@inproceedings{fiat1986,
  author    = {Amos Fiat and Adi Shamir},
  title     = {How to Prove Yourself: Practical Solutions to Identification and Signature Problems},
  booktitle = {Proceedings of the International Cryptology Conference on Advances in Cryptology},
  series    = {CRYPTO '86},
  pages     = {186--194},
  year      = {1986},
  publisher = {Springer-Verlag}
}

@article{chainalysis2024,
  title={Introduction to Zero-Knowledge Proofs},
  author={Chainalysis},
  journal={Chainalysis Blog},
  year={2024},
  url={https://www.chainalysis.com/blog/introduction-to-zero-knowledge-proofs-zkps/}
}

@article{CirculariseZKPExamples,
  title={Zero-Knowledge Proofs Explained in 3 Examples},
  author={Circularise},
  journal={Circularise Blogs},
  year={2022},
  url={https://www.circularise.com/blogs/zero-knowledge-proofs-explained-in-3-examples}
}

@article{ZcashDocs,
  title={zk-SNARKs Explained},
  author={Zcash},
  journal={Zcash Team},
  year={2023},
  url={https://docs.z.cash/}
}

@article{distributedlab2024,
  title={ZKProtection for MITM attacks},
  author={Distributed Lab},
  journal={Medium},
  year={2024},
  url={https://distributed-lab.medium.com/zkprotection-for-mitm-attacks-3b969b58e16f}
}

@article{bhattacharya2024,
  title={The Application of Zero-Knowledge Proofs in Authentication Systems},
  author={Saurav Bhattacharya et al.},
  journal={International Journal of Computer Trends and Technology},
  volume={72},
  number={4},
  pages={34-41},
  year={2024},
  url={https://ijcttjournal.org/2024/Volume-72%20Issue-4/IJCTT-V72I4P104.pdf}
}

@article{chainlink2024,
  title={Zero-Knowledge Proof: Applications \& Use Cases},
  author={Chainlink},
  journal={Chainlink Education Hub},
  year={2024},
  url={https://chain.link/education-hub/zero-knowledge-proof-use-cases}
}

@article{sasson2014zcash,
  title={Zerocash: Decentralized anonymous payments from Bitcoin},
  author={Sasson, Eli Ben and Chiesa, Alessandro and Garman, Christina and Green, Matthew and Miers, Ian and Tromer, Eran and Virza, Madars},
  journal={2014 IEEE Symposium on Security and Privacy},
  pages={459--474},
  year={2014},
}

@article{loopringZKRollups,
  title={zkRollup: scaling Ethereum with zero-knowledge proofs},
  author={Loopring Foundation},
  journal={Loopring Foundation},
  year={2020},
  url={https://medium.com/loopring-protocol/introducing-loopring-3-0-with-zkrollup-scaling-ethereum-to-eth2-1e2a05fc5224},
  note={Accessed: 2023-10-21}
}

@online{aztecProtocol,
  author={Aztec Protocol},
  title={Introducing Aztec 2.0: Private DeFi},
  url={https://docs.aztec.network/aztec/overview},
  year={2021},
  note={Accessed: 2023-10-21}
}